<?xml version="1.0" encoding="UTF-8"?><collection xmlns="http://www.loc.gov/MARC21/slim"><record><leader>00381nam--2200133-i-4500</leader><controlfield tag="001">000030257</controlfield><controlfield tag="002">20161230</controlfield><controlfield tag="005">20161230201038</controlfield><controlfield tag="008">060222s1000------------r-----000-0-eng-d</controlfield><datafield ind1=" " ind2=" " tag="100"><subfield code="a">Lunze, Klaus., Sende, Max</subfield></datafield><datafield ind1=" " ind2=" " tag="245"><subfield code="a">Elektrotechnik iii. wechselstrom - und schalt - vorgange</subfield></datafield><datafield ind1=" " ind2=" " tag="260"><subfield code="a">Berlin, Veb Verlag Technik, 1953</subfield></datafield><datafield ind1=" " ind2=" " tag="490"><subfield code="a">Lehrbriefe Fur Das Fernstudium</subfield></datafield><datafield ind1=" " ind2=" " tag="852"><subfield code="a">6579</subfield></datafield></record></collection>